@book{UHC:1952,
      author        = "Urey",
      title         = "{The {P}lanets: {T}heir {O}rigin and {D}evelopment}",
      publisher     = "Yale Univ. Press",
      address       = "New Haven, CT",
      year          = "1952",
}

@article{BRA-KZ:2001,
  title={{GEOCARB} {III}: {A} revised model of atmospheric {CO}$_2$ over {P}hanerozoic time},
  author={Berner, Robert A and Kothavala, Zavareth},
  journal={American Journal of Science},
  volume={301},
  number={2},
  pages={182--204},
  year={2001},
  publisher={American Journal of Science}
}

@article{KLH-TDL-WM:2018,
  title={Implications of a Reservoir Model for the
Evolution of Deep Carbon},
  author={Kellogg, Louise H and Turcotte, Don L and Weisfeiler, Marie and Lokavarapu, Harsha},
  journal={Submitted to Earth and Planetary Science Letters},
}

@article{DR:2013,
  title={Ingassing, storage, and outgassing of terrestrial carbon through geologic time},
  author={Dasgupta, Rajdeep},
  journal={Rev. Mineral. Geochem.},
  volume={75},
  number={1},
  pages={183--229},
  year={2013}
}

%  url = "http://www.sciencedirect.com/science/article/pii/0016703795000382",
@article{KHW:1995,
  title = "The composition of the continental crust",
  journal = "Geochimica et Cosmochimica Acta",
  volume = "59",
  number = "7",
  pages = "1217 - 1232",
  year = "1995",
  note = "",
  issn = "0016-7037",
  doi = "http://dx.doi.org/10.1016/0016-7037(95)00038-2",
  author = "K. Hans Wedepohl",
}

@article{HRA:2007,
  title={Balancing the global carbon budget},
  author={Houghton, R. A.},
  journal={Annual Review of Earth and Planetary Sciences},
  volume={35},
  pages={313--347},
  year={2007},
  publisher={Annual Reviews}
}

@article{NOAA:2017,
  author = {NOAA},
  year = {2017},
  title = {Earth {S}ystem {R}esearch {L}aboratory, {G}lobal {M}onitoring {D}ivision www.esrl.noaa.gov/gmd/ccgg/trends/}
}

