@article{HMM:2016,
  title={Constraints on the early delivery and fractionation of Earthâ€™s major volatiles from C/H, C/N, and C/S ratios},
  author={Hirschmann, Marc M},
  journal={American Mineralogist},
  volume={101},
  number={3},
  pages={540--553},
  year={2016},
  publisher={Mineralogical Society of America}
}

@article{DR-CH-SN:2013,
  title={Carbon solution and partitioning between metallic and silicate melts in a shallow magma ocean: Implications for the origin and distribution of terrestrial carbon},
  author={Dasgupta, Rajdeep and Chi, Han and Shimizu, Nobumichi and Buono, Antonio S and Walker, David},
  journal={Geochimica et Cosmochimica Acta},
  volume={102},
  pages={191--212},
  year={2013},
  publisher={Elsevier}
}